Ben√∂tigte Felder pro Eintragstyp
https://www.openoffice.org/bibliographic/bibtex-defs.html

-------------------------book-------------------------
@book{balzert2010lehrbuch,
  title={Lehrbuch der Softwaretechnik: Basiskonzepte und Requirements Engineering},
  author={Balzert, Helmut},
  year={2010},
  publisher={Springer-Verlag},
  address={Heidelberg},
  edition={3},
}

-------------------------article-------------------------
@article{curry2008flexible,
  title={Flexible self-management using the model-view-controller pattern},
  author={Curry, Edward and Grace, Paul},
  journal={IEEE software},
  volume={25},
  number={3},
  pages={84--90},
  year={2008},
  publisher={IEEE},
}

-------------------------inproceedings-------------------------
@inproceedings{timmerer2019journey,
  title={A Journey Towards Fully Immersive Media Access},
  author={Timmerer, Christian and Begen, Ali C},
  booktitle={Proceedings of the 27th ACM International Conference on Multimedia},
  pages={2703--2705},
  year={2019},
}

-------------------------online-------------------------
@online{ccOJlizenz,
  author={{Creative Commons (Hrsg.)}},
  title={Namensnennung - Weitergabe unter gleichen Bedingungen 3.0 Deutschland},
  url={http://creativecommons.org/licenses/by-sa/3.0/de/},
  year={O. J.},
  urldate={2020-09-15}
}

-------------------------techreport-------------------------
@TechReport{WHATWGURL,
  author      = {{WHATWG (Hrsg.)}},
  title       = "URL Living Standard",
  month       = jun,
  note        = "https://url.spec.whatwg.org/",
  year        = "2020",
  institution = "Web Hypertext Application Technology Working Group",
}